<?xml version="1.0" encoding="UTF-8"?><collection xmlns="http://www.loc.gov/MARC21/slim"><record><leader>00718nam--2200193-i-4500</leader><controlfield tag="001">000014479</controlfield><controlfield tag="002">20161230</controlfield><controlfield tag="005">20170305214629</controlfield><controlfield tag="008">060222s1000------------r-----000-0-eng-d</controlfield><datafield ind1=" " ind2=" " tag="040"><subfield code="a">IFIN-HH</subfield></datafield><datafield ind1=" " ind2=" " tag="080"><subfield code="a">533.9:621.039.6(061.3)</subfield></datafield><datafield ind1="1" ind2=" " tag="100"><subfield code="a">Canobbio, E</subfield></datafield><datafield ind1="1" ind2="0" tag="245"><subfield code="a">Heating in toroidal plasmas II</subfield><subfield code="b">Proceedings of the 2nd joint Grenoble - Varenna International Symposium, Como, Italy, 3-12, September 1980, 2nd joint Grenoble-Varenna International Symposium</subfield><subfield code="c">E. Canobbio, H.P. Eubank, G.G. Leotta, A. Malein, E. Sindoni</subfield></datafield><datafield ind1=" " ind2=" " tag="260"><subfield code="a">Oxford</subfield><subfield code="b">Pergamon Press</subfield><subfield code="c">1981</subfield></datafield><datafield ind1=" " ind2=" " tag="300"><subfield code="a">IX + /621-1210/ p</subfield></datafield><datafield ind1="1" ind2=" " tag="700"><subfield code="a">Malein, A</subfield></datafield><datafield ind1=" " ind2=" " tag="787"><subfield code="a">Vol. 2</subfield><subfield code="h">/627/-1210 p</subfield></datafield><datafield ind1=" " ind2=" " tag="852"><subfield code="a">71225</subfield><subfield code="c">533.9</subfield></datafield><datafield ind1=" " ind2=" " tag="CAT"><subfield code="a">SYS</subfield><subfield code="c">20170305</subfield><subfield code="h">214629</subfield></datafield></record></collection>